<?xml version="1.0" encoding="UTF-8"?><collection xmlns="http://www.loc.gov/MARC21/slim"><record><leader>00447nam--2200169-u-4500</leader><controlfield tag="001">000055983</controlfield><controlfield tag="002">20161230</controlfield><controlfield tag="005">20161230201052</controlfield><controlfield tag="008">131111s1000------------r-----000-0-eng-d</controlfield><datafield ind1=" " ind2=" " tag="040"><subfield code="a">IFIN-HH</subfield></datafield><datafield ind1=" " ind2=" " tag="080"><subfield code="a">539.165.2+539.12</subfield></datafield><datafield ind1="1" ind2=" " tag="100"><subfield code="a">Allen, James S</subfield></datafield><datafield ind1="1" ind2="0" tag="245"><subfield code="a">The neutrino</subfield><subfield code="c">Hames j. allen</subfield></datafield><datafield ind1=" " ind2=" " tag="260"><subfield code="a">Princeton, New Jersey</subfield><subfield code="b">Priceton University Oress</subfield><subfield code="c">1958</subfield></datafield><datafield ind1=" " ind2=" " tag="300"><subfield code="a">VIII+168P</subfield></datafield><datafield ind1=" " ind2=" " tag="852"><subfield code="a">14028</subfield><subfield code="c">539.12</subfield></datafield><datafield ind1=" " ind2=" " tag="CAT"><subfield code="a">Sys</subfield><subfield code="c">20131111</subfield><subfield code="h">114625</subfield></datafield></record></collection>